<record><leader>00000cas a22000007a 4500</leader><controlfield tag="001">14228376</controlfield><controlfield tag="008">860917d18901923pauir ne      0    0eng d</controlfield><datafield ind1=" " ind2=" " tag="010"><subfield code="a">sn 86081907 </subfield></datafield><datafield ind1=" " ind2=" " tag="040"><subfield code="a">NPH</subfield><subfield code="b">eng</subfield><subfield code="c">NPH</subfield><subfield code="d">OCLCQ</subfield></datafield><datafield ind1=" " ind2=" " tag="042"><subfield code="a">msc</subfield></datafield><datafield ind1="0" ind2=" " tag="130"><subfield code="a">Williamsport sun and banner (Weekly ed.)</subfield></datafield><datafield ind1="1" ind2="0" tag="245"><subfield code="a">Williamsport sun and banner.</subfield></datafield><datafield ind1="3" ind2="0" tag="246"><subfield code="a">Williamsport sun</subfield></datafield><datafield ind1="3" ind2="0" tag="246"><subfield code="a">Sun</subfield></datafield><datafield ind1="3" ind2="0" tag="246"><subfield code="a">Sun and news</subfield></datafield><datafield ind1="1" ind2="7" tag="246"><subfield code="a">Weekly sun</subfield><subfield code="f">Feb. 6, 1890-July 5, 1894</subfield></datafield><datafield ind1="1" ind2="7" tag="246"><subfield code="a">Williamsport tri-weekly sun</subfield><subfield code="f">July 9, 1894-Nov. 18, 1912</subfield></datafield><datafield ind1="1" ind2="7" tag="246"><subfield code="a">Williamsport tri-weekly sun and news</subfield><subfield code="f">&lt;Nov. 20, 1912-&gt;</subfield></datafield><datafield ind1="1" ind2="3" tag="246"><subfield code="a">Williamsport sun and news</subfield><subfield code="f">&lt;Vol. 43, no. 139 (Nov. 18, 1912)-v. 44, no. 10 (Jan. 22, 1913)&gt;</subfield></datafield><datafield ind1=" " ind2=" " tag="250"><subfield code="a">Weekly ed.</subfield></datafield><datafield ind1=" " ind2=" " tag="260"><subfield code="a">Williamsport, Lycoming Co., Pa. :</subfield><subfield code="b">James W. Sweely,</subfield><subfield code="c">1890-</subfield></datafield><datafield ind1=" " ind2=" " tag="300"><subfield code="a">v. :</subfield><subfield code="b">ill. ;</subfield><subfield code="c">59 cm.</subfield></datafield><datafield ind1=" " ind2=" " tag="310"><subfield code="a">Triweekly,</subfield><subfield code="b">&lt;1894-&gt;</subfield></datafield><datafield ind1=" " ind2=" " tag="321"><subfield code="a">Weekly,</subfield><subfield code="b">&lt;1890-1894&gt;</subfield></datafield><datafield ind1="0" ind2=" " tag="362"><subfield code="a">Vol. 19, no. 10 (Feb. 6, 1890)-</subfield></datafield><datafield ind1="1" ind2=" " tag="362"><subfield code="a">Ceased in 1923.</subfield><subfield code="z">Cf. Rossell, G., Pa. newspapers.</subfield></datafield><datafield ind1=" " ind2=" " tag="515"><subfield code="a">Issues also bear designation: &lt;v. 16, no. 4 (Feb. 6, 1890)-&gt;.</subfield></datafield><datafield ind1=" " ind2=" " tag="752"><subfield code="a">United States</subfield><subfield code="b">Pennsylvania</subfield><subfield code="c">Lycoming</subfield><subfield code="d">Williamsport.</subfield></datafield><datafield ind1="0" ind2=" " tag="775"><subfield code="t">Williamsport sun and banner (Daily ed.)</subfield><subfield code="w">(DLC)sn 86081906</subfield></datafield><datafield ind1="0" ind2=" " tag="775"><subfield code="t">Williamsport sun</subfield><subfield code="w">(DLC)sn 86063578</subfield></datafield><datafield ind1="0" ind2="0" tag="780"><subfield code="t">Weekly sun and banner</subfield><subfield code="w">(DLC)sn 86081908</subfield></datafield></record>